@article{mainland2013haskell,
  title={Haskell beats C using generalized stream fusion},
  author={Mainland, Geoffrey and Leshchinskiy, Roman and Jones, Simon Peyton and Marlow, Simon},
  journal={Under submission},
  year={2013}
}

@inproceedings{chakravarty2007data,
  title={Data Parallel Haskell: a status report},
  author={Chakravarty, Manuel MT and Leshchinskiy, Roman and Peyton Jones, Simon and Keller, Gabriele and Marlow, Simon},
  booktitle={Proceedings of the 2007 workshop on Declarative aspects of multicore programming},
  pages={10--18},
  year={2007}
}

@inproceedings{chakravarty2002approach,
  title={An approach to fast arrays in Haskell},
  author={Chakravarty, Manuel MT and Keller, Gabriele},
  booktitle={International School on Advanced Functional Programming},
  pages={27--58},
  year={2002},
  organization={Springer}
}

@article{coutts2007stream,
  title={Stream fusion: From lists to streams to nothing at all},
  author={Coutts, Duncan and Leshchinskiy, Roman and Stewart, Don},
  journal={ACM SIGPLAN Notices},
  volume={42},
  number={9},
  pages={315--326},
  year={2007},
  publisher={ACM New York, NY, USA}
}

@inproceedings{notzli2019syntax,
  title={Syntax-guided rewrite rule enumeration for SMT solvers},
  author={N{\"o}tzli, Andres and Reynolds, Andrew and Barbosa, Haniel and Niemetz, Aina and Preiner, Mathias and Barrett, Clark and Tinelli, Cesare},
  booktitle={International Conference on Theory and Applications of Satisfiability Testing},
  pages={279--297},
  year={2019},
  organization={Springer}
}

@inproceedings{winterer2020validating,
  title={Validating SMT solvers via semantic fusion},
  author={Winterer, Dominik and Zhang, Chengyu and Su, Zhendong},
  booktitle={Proceedings of the 41st ACM SIGPLAN Conference on Programming Language Design and Implementation},
  pages={718--730},
  year={2020}
}

@article{koppel2022searching,
  title={Searching entangled program spaces},
  author={Koppel, James and Guo, Zheng and de Vries, Edsko and Solar-Lezama, Armando and Polikarpova, Nadia},
  journal={Proceedings of the ACM on Programming Languages},
  volume={6},
  number={ICFP},
  pages={23--51},
  year={2022},
  publisher={ACM New York, NY, USA}
}

@inproceedings{jones2001playing,
  title={Playing by the rules: rewriting as a practical optimisation technique in GHC},
  author={Jones, Simon Peyton and Tolmach, Andrew and Hoare, Tony},
  booktitle={Haskell workshop},
  volume={1},
  pages={203--233},
  year={2001}
}

@article{hagedorn2020achieving,
  title={Achieving high-performance the functional way: a functional pearl on expressing high-performance optimizations as rewrite strategies},
  author={Hagedorn, Bastian and Lenfers, Johannes and Koehler, Thomas and Qin, Xueying and Gorlatch, Sergei and Steuwer, Michel},
  journal={Proceedings of the ACM on Programming Languages},
  volume={4},
  number={ICFP},
  pages={1--29},
  year={2020},
  publisher={ACM New York, NY, USA}
}

@article{kiselyov2005backtracking,
  title={Backtracking, interleaving, and terminating monad transformers: (functional pearl)},
  author={Kiselyov, Oleg and Shan, Chung-chieh and Friedman, Daniel P and Sabry, Amr},
  journal={ACM SIGPLAN Notices},
  volume={40},
  number={9},
  pages={192--203},
  year={2005},
  publisher={ACM New York, NY, USA}
}

@misc{userguide,
  title={Rewrite rules},
  author={Glasgow Haskell Compiler 9.0.2 User's Guide},
  url={https://downloads.haskell.org/~ghc/9.0.2/docs/html/users_guide/exts/rewrite_rules.html},
  lastaccessed={2022-11-27},
  year={2022}
}

@misc{shortcutwiki,
  title={Correctness of short-cut fusion},
  author={Haskell Wiki},
  url={https://wiki.haskell.org/Correctness_of_short_cut_fusion},
  lastaccessed={2022-11-27},
  year={2022}
}

@misc{stackage,
  title={LTS Haskell 19.27 (ghc-9.0.2)},
  author={Stackage},
  url={https://www.stackage.org/lts-19.27},
  lastaccessed={2022-11-27},
  year={2022}
}

@article{james2020digging,
  title={Digging for fold: synthesis-aided API discovery for Haskell},
  author={James, Michael B and Guo, Zheng and Wang, Ziteng and Doshi, Shivani and Peleg, Hila and Jhala, Ranjit and Polikarpova, Nadia},
  journal={Proceedings of the ACM on Programming Languages},
  volume={4},
  number={OOPSLA},
  pages={1--27},
  year={2020},
  publisher={ACM New York, NY, USA}
}

@inproceedings{delahaye2000tactic,
  title={A tactic language for the system Coq},
  author={Delahaye, David},
  booktitle={International Conference on Logic for Programming Artificial Intelligence and Reasoning},
  pages={85--95},
  year={2000},
  organization={Springer}
}

@article{osera2015type,
  title={Type-and-example-directed program synthesis},
  author={Osera, Peter-Michael and Zdancewic, Steve},
  journal={ACM SIGPLAN Notices},
  volume={50},
  number={6},
  pages={619--630},
  year={2015},
  publisher={ACM New York, NY, USA}
}

@article{feser2015synthesizing,
  title={Synthesizing data structure transformations from input-output examples},
  author={Feser, John K and Chaudhuri, Swarat and Dillig, Isil},
  journal={ACM SIGPLAN Notices},
  volume={50},
  number={6},
  pages={229--239},
  year={2015},
  publisher={ACM New York, NY, USA}
}

@inproceedings{claessen2000quickcheck,
  title={QuickCheck: a lightweight tool for random testing of Haskell programs},
  author={Claessen, Koen and Hughes, John},
  booktitle={Proceedings of the fifth ACM SIGPLAN international conference on Functional programming},
  pages={268--279},
  year={2000}
}

@article{jones2007practical,
  title={Practical type inference for arbitrary-rank types},
  author={Jones, Simon Peyton and Vytiniotis, Dimitrios and Weirich, Stephanie and Shields, Mark},
  journal={Journal of functional programming},
  volume={17},
  number={1},
  pages={1--82},
  year={2007},
  publisher={Cambridge University Press}
}
